@dataset{notebook,
  author = {Tanmay Deshpande},
  title = {Clustering: PCA | K-Means - DBSCAN - Hierarchical |},
  year = {2022},
  url = {https://www.kaggle.com/code/tanmay111999/clustering-pca-k-means-dbscan-hierarchical/notebook}
}
@inbook{leskovec2020mining,
  booktitle={Mining of massive data sets},
  author={Leskovec, Jure and Rajaraman, Anand and Ullman, Jeffrey David},
  chapter={7},
  title = {Clustering},
  url = {http://mmds.org/#ver30},
  pages = {240--280},
  year={2020},
  publisher={Cambridge university press}
}
@inbook{theodoridis2010introduction,
  booktitle={Introduction to Pattern Recognition: A Matlab Approach},
  author={Theodoridis, Sergios and Pikrakis, Aggelos and Koutroumbas, Konstantinos and Cavouras, Dionisis},
  year={2010},
  title = {Clustering},
  chapter = {7},
  pages = {159--208},
  publisher={Academic Press}
}
@incollection{coates2012learning,
  title={Learning feature representations with k-means},
  author={Coates, Adam and Ng, Andrew Y},
  booktitle={Neural networks: Tricks of the trade},
  pages={561--580},
  year={2012},
  url={https://link.springer.com/chapter/10.1007/978-3-642-35289-8_30},
  publisher={Springer}
}
@article{calinski,
  title={A dendrite method for cluster analysis},
  author={Calinski, Tadeusz},
  journal={Communication in statistics},
  volume={3},
  pages={1--27},
  year={1974}
}
@article{milligan,
  title={An examination of procedures for determining the number of clusters in a data set},
  author={Milligan, Glenn W and Cooper, Martha C},
  journal={Psychometrika},
  volume={50},
  number={2},
  pages={159--179},
  year={1985},
  publisher={Springer}
}
@article{ketchen,
  title={The application of cluster analysis in strategic management research: an analysis and critique},
  author={Ketchen, David J and Shook, Christopher L},
  journal={Strategic management journal},
  volume={17},
  number={6},
  pages={441--458},
  year={1996},
  publisher={Wiley Online Library}
}
@article{schubert,
  title={Stop using the elbow criterion for k-means and how to choose the number of clusters instead},
  author={Schubert, Erich},
  journal={arXiv preprint arXiv:2212.12189},
  year={2022}
}
